<record><leader>00000cas a22000007a 4500</leader><controlfield tag="001">39967728</controlfield><controlfield tag="008">980930d19uu198ucaumr ne      0    0eng d</controlfield><datafield ind1=" " ind2=" " tag="010"><subfield code="a">sn 98061347 </subfield></datafield><datafield ind1=" " ind2=" " tag="040"><subfield code="a">CNK</subfield><subfield code="b">eng</subfield><subfield code="c">CNK</subfield><subfield code="d">OCLCQ</subfield><subfield code="d">OCLCF</subfield><subfield code="d">OCLCO</subfield></datafield><datafield ind1="1" ind2=" " tag="029"><subfield code="a">AU@</subfield><subfield code="b">000014247726</subfield></datafield><datafield ind1=" " ind2=" " tag="042"><subfield code="a">msc</subfield></datafield><datafield ind1=" " ind2=" " tag="043"><subfield code="a">n-us-ca</subfield></datafield><datafield ind1="0" ind2="4" tag="245"><subfield code="a">The Inyo and Mono news-letter.</subfield></datafield><datafield ind1="3" ind2=" " tag="246"><subfield code="a">Inyo and Mono newsletter</subfield></datafield><datafield ind1=" " ind2=" " tag="260"><subfield code="a">Independence, Calif. :</subfield><subfield code="b">Eastern Sierra News Service</subfield></datafield><datafield ind1=" " ind2=" " tag="300"><subfield code="a">v.</subfield></datafield><datafield ind1=" " ind2=" " tag="310"><subfield code="a">Monthly</subfield></datafield><datafield ind1=" " ind2=" " tag="500"><subfield code="a">"A News Alternative."</subfield></datafield><datafield ind1=" " ind2=" " tag="500"><subfield code="a">"Formerly the Inyo County News-Letter."</subfield></datafield><datafield ind1=" " ind2=" " tag="588"><subfield code="a">Description based on: Jan. 1980.</subfield></datafield><datafield ind1=" " ind2="0" tag="651"><subfield code="a">Inyo County (Calif.)</subfield><subfield code="v">Newspapers.</subfield></datafield><datafield ind1=" " ind2="0" tag="651"><subfield code="a">Mono County (Calif.)</subfield><subfield code="v">Newspapers.</subfield></datafield><datafield ind1=" " ind2="7" tag="655"><subfield code="a">Newspapers.</subfield><subfield code="2">fast</subfield><subfield code="0">(OCoLC)fst01423814</subfield></datafield><datafield ind1=" " ind2="7" tag="651"><subfield code="a">California</subfield><subfield code="z">Inyo County.</subfield><subfield code="2">fast</subfield><subfield code="0">(OCoLC)fst01212995</subfield></datafield><datafield ind1=" " ind2="7" tag="651"><subfield code="a">California</subfield><subfield code="z">Mono County.</subfield><subfield code="2">fast</subfield><subfield code="0">(OCoLC)fst01213863</subfield></datafield><datafield ind1=" " ind2=" " tag="752"><subfield code="a">United States</subfield><subfield code="b">California</subfield><subfield code="c">Inyo</subfield><subfield code="d">Independence.</subfield></datafield><datafield ind1="0" ind2="0" tag="780"><subfield code="t">Inyo County news-letter (Independence, Calif. : 1977)</subfield><subfield code="w">(DLC)sn 98061346</subfield></datafield></record>